@article{ATLAS:2012yve,
    author = "Aad, Georges and others",
    collaboration = "ATLAS",
    title = "{Observation of a new particle in the search for the Standard Model Higgs boson with the ATLAS detector at the LHC}",
    eprint = "1207.7214",
    archivePrefix = "arXiv",
    primaryClass = "hep-ex",
    reportNumber = "CERN-PH-EP-2012-218",
    doi = "10.1016/j.physletb.2012.08.020",
    journal = "Phys. Lett. B",
    volume = "716",
    pages = "1--29",
    year = "2012"
}

@article{CMS:2012qbp,
    author = "Chatrchyan, Serguei and others",
    collaboration = "CMS",
    title = "{Observation of a New Boson at a Mass of 125 GeV with the CMS Experiment at the LHC}",
    eprint = "1207.7235",
    archivePrefix = "arXiv",
    primaryClass = "hep-ex",
    reportNumber = "CMS-HIG-12-028, CERN-PH-EP-2012-220",
    doi = "10.1016/j.physletb.2012.08.021",
    journal = "Phys. Lett. B",
    volume = "716",
    pages = "30--61",
    year = "2012"
}

@article{Aoyama:2017uqe,
    author = "Aoyama, Tatsumi and Kinoshita, Toichiro and Nio, Makiko",
    title = "{Revised and Improved Value of the QED Tenth-Order Electron Anomalous Magnetic Moment}",
    eprint = "1712.06060",
    archivePrefix = "arXiv",
    primaryClass = "hep-ph",
    reportNumber = "RIKEN-QHP-345",
    doi = "10.1103/PhysRevD.97.036001",
    journal = "Phys. Rev. D",
    volume = "97",
    number = "3",
    pages = "036001",
    year = "2018"
}

@article{Englert:1964et,
    author = "Englert, F. and Brout, R.",
    editor = "Taylor, J. C.",
    title = "{Broken Symmetry and the Mass of Gauge Vector Mesons}",
    doi = "10.1103/PhysRevLett.13.321",
    journal = "Phys. Rev. Lett.",
    volume = "13",
    pages = "321--323",
    year = "1964"
}

@article{Higgs:1964pj,
    author = "Higgs, Peter W.",
    editor = "Taylor, J. C.",
    title = "{Broken Symmetries and the Masses of Gauge Bosons}",
    doi = "10.1103/PhysRevLett.13.508",
    journal = "Phys. Rev. Lett.",
    volume = "13",
    pages = "508--509",
    year = "1964"
}

@article{Guralnik:1964eu,
    author = "Guralnik, G. S. and Hagen, C. R. and Kibble, T. W. B.",
    editor = "Taylor, J. C.",
    title = "{Global Conservation Laws and Massless Particles}",
    doi = "10.1103/PhysRevLett.13.585",
    journal = "Phys. Rev. Lett.",
    volume = "13",
    pages = "585--587",
    year = "1964"
}

@misc{SM_figure,
	title = {{File:Standard Model of Elementary Particles.svg - Wikimedia Commons}},
	howpublished = {\url{https://commons.wikimedia.org/wiki/File:Standard_Model_of_Elementary_Particles.svg}},
	urldate = {2022-09-06}
}

@book{Peskin:1995ev,
    author = "Peskin, Michael E. and Schroeder, Daniel V.",
    title = "{An Introduction to quantum field theory}",
    isbn = "978-0-201-50397-5",
    publisher = "Addison-Wesley",
    address = "Reading, USA",
    year = "1995"
}

@book{Schwartz:2014sze,
    author = "Schwartz, Matthew D.",
    title = "{Quantum Field Theory and the Standard Model}",
    isbn = "978-1-107-03473-0, 978-1-107-03473-0",
    publisher = "Cambridge University Press",
    month = "3",
    year = "2014"
}

@article{Romao:2012pq,
    author = "Romao, Jorge C. and Silva, Joao P.",
    title = "{A resource for signs and Feynman diagrams of the Standard Model}",
    eprint = "1209.6213",
    archivePrefix = "arXiv",
    primaryClass = "hep-ph",
    doi = "10.1142/S0217751X12300256",
    journal = "Int. J. Mod. Phys. A",
    volume = "27",
    pages = "1230025",
    year = "2012"
}

@article{Gell-Mann:1962yej,
    author = "Gell-Mann, Murray",
    title = "{Symmetries of baryons and mesons}",
    doi = "10.1103/PhysRev.125.1067",
    journal = "Phys. Rev.",
    volume = "125",
    pages = "1067--1084",
    year = "1962"
}